% Encoding: UTF-8

@Manual{2021VineCopulaPackage,
  title  = {Package ‘VineCopula’},
  author = {Thomas Nagler and Ulf Schepsmeier and Jakob Stoeber and Eike Christian Brechmann},
  month  = {October},
  year   = {2021},
}

@Article{2013Dissmann,
  author  = {J. Dißmann and E. C. Brechmann and C. Czado and D. Kurowicka},
  title   = {Selecting and estimating regular vine copulae and application to financial returns},
  journal = {Computational Statistics \& Data Analysis},
  year    = {2013},
}

@Unpublished{DraftGoldberg,
  author = {Lisa R. Goldberg and Michael Y. Hayes and Ola Mahmoud},
  title  = {Minimizing Shortfall},
  year   = {2013},
}

@Article{2000Rockafellar,
  author  = {R. Tyrrell Rockafellar and Stanislav Uryasev},
  title   = {Optimization of conditional value-at-risk},
  journal = {Journal of Risk},
  year    = {2000},
}

@Comment{jabref-meta: databaseType:bibtex;}
