@Unpublished{GaiKapadia2010,
author = "Prasanna Gai and Sujit Kapadia",
title = "Contagion in Financial Networks",
year = "2010",
}

@Article{UpperWorms2004,
author = "Christian Upper and Andreas Worms",
title = "Estimating bilateral exposures in the German interbank market: Is there a danger of contagion?",
journal = "European Economic Review",
year = "2004",
volume = "48",
number = "4",
pages = "827-849",
month = "August",
}

@Article{ElsingerLeharSummer2006,
author = "Helmut Elsinger and Alfred Lehar and Martin Summer",
title = "Using Market Information for Banking System Risk Assessment",
journal = "International Journal of Central Banking",
year = "2006",
volume = "2",
number = "1",
month = "March",
}

@Article{DegryseNguyen2007,
author = "Hans Degryse and Gregory Nguyen",
title = "Interbank Exposures: An Empirical Examination of Contagion Risk in the Belgian Banking System",
journal = "International Journal of Central Banking",
year = "2007",
volume = "3",
number = "2",
pages = "123-171",
}

@Article{BlavargNimander2002,
author = "Martin Blavarg and Patrick Nimander",
title = "Interbank exposures and systemic risk",
journal = "Sveriges Riksbank. Economic Review",
year = "2002",
volume = "2",
pages = "19-45",
}

@Article{Mistrulli2007,
author = "Paolo Emilio Mistrulli",
title = "Assessing ﬁnancial contagion in the interbank market: a
comparison between estimated and observed bilateral exposures",
journal = "Temi di Discussione No. 641. Banca d’Italia, Servizio Studi",
year = "2007",
}

@Unpublished{Lubloy2004,
author = "Agnes Lubloy",
title = "Domino effect in the Hungarian interbank market",
note = "note",
year = "2004",
}

@Unpublished{ContMoussaSantos2010,
author = "Rama Cont and Amal Moussa and Edson B. Santos",
title = "Network Structure and Systemic Risk in Banking Systems",
note = "SSRN working paper series",
year = "2010",
}

@Unpublished{HurdCellaiChengMelnikShao2013,
author = "Thomas R. Hurd and Davide Cellai and Huibin Cheng and Sergey Melnik and Quentin Shao",
title = "Illiquidity and Insolvency: a Double Cascade Model of Financial Crises",
note = "arXiv:1310.6873 [q-fin.GN]",
year = "2013",
}

@Unpublished{BattistonGattiGallegatiGreenwaldStiglitz2010,
author = "Stefano Battiston and Domenico Delli Gatti and Mauro Gallegatti and Bruce Greenwald and Joseph E. Stiglitz",
title = "Defaut Cascades: When Does Risk Diversification Increase Stability?",
note = "ETH Risk Center Working Paper Series",
year = "2010",
}

@Article{RouknyBersiniPirotteCaldarelliBattiston2013,
author = "Tarik Roukny and Hugues Bersini and Hugues Pirotte and Guido Caldarelli and Stefano Battiston",
title = "Default Cascades in Complex Networks: Topology and Systemic Risk",
journal = "Scientific Reports",
year = "2013",
volume = "3",
}

@Article{SoramakiBechArnoldGlassBeyeler2006,
author = "Kimmo Soramäki and Morten L. Bech and Jeffrey Arnold and Robert J. Glass and Walter E. Beyeler",
title = "The Topology of Interbank Payment Flows",
journal = "Staff Reports, Federal Research Bank of New York",
year = "2006",
volume = "243",
}

@Article{BechAtalay2010,
author = "Morten L. Bech and Enghin Atalay",
title = "The Topology of the Federal Funds Market",
journal = "Physica A: Statistical Mechanics and its Application",
year = "2010",
volume = "389",
number = "22",
pages = "5223-5246",
month = "November",
}

@Article{IoriMasiPrecupGabbiCaldarelli2008,
author = "Giulia Iori and Giulia De Masi and Ovidiu Vasile Precup and Giampaolo Gabbi and Guido Caldarelli",
title = "A network analysis of the Italian overnight money market",
journal = "Journal of Economic Dynamics and Control",
year = "2008",
volume = "32",
number = "1",
pages = "259-278",
}

@Unpublished{Schoeffel2011,
author = "Laurent Schoeffel",
title = "Returns in futures market and $nu=3$ t-distribution",
note = "note",
year = "2011",
}

@article{Wagner2010,
author = "Wolf Wagner",
title = "Diversification at financial institutions and systemic crises",
journal = "J. Fin.Intermediation",
year = "2010",
volume = "19",
pages = "373-386",
doi = "10.1016/j.jfi.2009.07.002",
}

@Unpublished{AcharyaYorulmazer2007,
author = "Viral V. Acharya and Tanju Yorulmazer",
title = "Too Many to Fail - An Analysis of Time-inconsistency in Bank Closure Policies",
year = "2007",
}

@article{Wagner2011,
author = "Wolf Wagner",
title = "Systemic Liquidation Risk and the Diversity-Diversification Trade-Off",
journal = "The Journal of Finance",
year = "2011",
volume = "34",
number = "4",
month = "August",
pages = "1141-1175",
}
